@www{Proprio,
author = {Ossur},
title = {{PROPRIO FOOT{\textregistered}}},
url = {https://www.ossur.com/en-gb/prosthetics/feet/proprio-foot},
urldate = {2020-12-15}
}
@www{ElanIC,
author = {Blatchford},
title = {{ElanIC - Waterproof Microprocessor Prosthetic Foot - Blatchford}},
url = {https://www.blatchford.co.uk/products/elanic/},
urldate = {2020-12-15}
}
@www{Enpower,
author = {Ottobock},
title = {{Empower | Ottobock UK}},
url = {https://www.ottobock.co.uk/prosthetics/lower-limb-prosthetics/prosthetic-product-systems/empower-ankle/},
urldate = {2020-12-15}
}
@www{humanGaitCycle2016,
author = {{Musculoskeletal Key}},
title = {{Fundamentals of Human Gait}},
url = {https://musculoskeletalkey.com/fundamentals-of-human-gait/},
urldate = {2020-12-14},
year = {2016}
}
@article{Ponce2016,
author = {Ponce, Hiram and Miralles-Pechu{\'{a}}n, Luis and {De Lourdes Mart{\'{i}}nez-Villase{\~{n}}or}, Mar{\'{i}}a},
doi = {10.3390/s16111715},
issn = {14248220},
journal = {Sensors (Switzerland)},
number = {11},
pages = {1--24},
pmid = {27792136},
title = {{A flexible approach for human activity recognition using artificial hydrocarbon networks}},
volume = {16},
year = {2016}
}
@article{Dehghani2019,
arxivId = {1904.02666},
author = {Dehghani, Akbar and Glatard, Tristan and Shihab, Emad},
eprint = {1904.02666},
journal = {CoRR},
month = {apr},
title = {{Subject Cross Validation in Human Activity Recognition}},
url = {http://arxiv.org/abs/1904.02666},
volume = {abs/1904.0},
year = {2019}
}
@article{Windrich2016,
author = {Windrich, Michael and Grimmer, Martin and Christ, Oliver and Rinderknecht, Stephan and Beckerle, Philipp},
doi = {10.1186/s12938-016-0284-9},
issn = {1475925X},
journal = {BioMedical Engineering Online},
number = {3},
pages = {5--19},
publisher = {BioMed Central},
title = {{Active lower limb prosthetics: A systematic review of design issues and solutions}},
volume = {15},
year = {2016}
}
@article{Wang2020,
author = {Wang, Huaijun and Zhao, Jing and Li, Junhuai and Tian, Ling and Tu, Pengjia and Cao, Ting and An, Yang and Wang, Kan and Li, Shancang},
doi = {10.1155/2020/2132138},
issn = {1939-0114},
journal = {Security and Communication Networks},
month = {jul},
pages = {1--12},
title = {{Wearable Sensor-Based Human Activity Recognition Using Hybrid Deep Learning Techniques}},
url = {https://www.hindawi.com/journals/scn/2020/2132138/},
volume = {2020},
year = {2020}
}
@article{Xu2018,
author = {Xu, Dongfang and Feng, Yanggang and Mai, Jingeng and Wang, Qining},
doi = {10.1109/TNSRE.2018.2870152},
issn = {15344320},
journal = {IEEE Transactions on Neural Systems and Rehabilitation Engineering},
number = {10},
pages = {2015--2025},
publisher = {IEEE},
title = {{Real-Time On-Board Recognition of Continuous Locomotion Modes for Amputees with Robotic Transtibial Prostheses}},
volume = {26},
year = {2018}
}
@article{Kingma2015,
archivePrefix = {arXiv},
arxivId = {1412.6980},
author = {Kingma, Diederik P. and Ba, Jimmy Lei},
eprint = {1412.6980},
journal = {3rd International Conference on Learning Representations, ICLR 2015 - Conference Track Proceedings},
pages = {1--15},
title = {{Adam: A method for stochastic optimization}},
year = {2015}
}
@article{Zhang2015,
author = {Zhang, Fan and Liu, Ming and Huang, He},
doi = {10.1371/journal.pone.0133965},
issn = {19326203},
journal = {PLoS ONE},
number = {7},
pages = {1--14},
title = {{Investigation of timing to switch control mode in powered knee prostheses during task transitions}},
volume = {10},
year = {2015}
}
@article{Sinha2011,
author = {Sinha, Richa and {Van Den Heuvel}, Wim J.A. and Arokiasamy, Perianayagam},
doi = {10.1177/0309364610397087},
issn = {03093646},
journal = {Prosthetics and Orthotics International},
number = {1},
pages = {90--96},
pmid = {21515894},
title = {{Factors affecting quality of life in lower limb amputees}},
volume = {35},
year = {2011}
}
@book{Pedroli2019,
author = {Pedroli, Elisa and Serino, Silvia and Cipresso, Pietro and Leo, Gianluca De and Goulene, Karine and Morelli, Sandra and Avenio, Giuseppe D and Stramba-badiale, Marco and Grigioni, Mauro and Gaggioli, Andrea and Riva, Giuseppe},
doi = {10.1007/978-3-030-01845-0},
isbn = {9783030018450},
pages = {546--550},
publisher = {Springer International Publishing},
title = {{An Immersive Cognitive Rehabilitation Program : A Case Study : Proceedings of the 4th International Conference on NeuroRehabilitation ( ICNR2018 ), October An Immersive Cognitive Rehabilitation Program : A Case Study}},
url = {http://dx.doi.org/10.1007/978-3-030-01845-0{\_}142},
year = {2019}
}
@article{Ordonez2016,
author = {Ord{\'{o}}{\~{n}}ez, Francisco Javier and Roggen, Daniel},
doi = {10.3390/s16010115},
issn = {14248220},
journal = {Sensors (Switzerland)},
number = {1},
pmid = {26797612},
title = {{Deep convolutional and LSTM recurrent neural networks for multimodal wearable activity recognition}},
volume = {16},
year = {2016}
}
@article{Hochreiter1997,
author = {Hochreiter, Sepp and Schmidhuber, J{\"{u}}rgen},
doi = {10.1162/neco.1997.9.8.1735},
issn = {08997667},
journal = {Neural Computation},
number = {8},
pages = {1735--1780},
title = {{Long Short-Term Memory}},
volume = {9},
year = {1997}
}
@article{Zhao2018,
author = {Zhao, Hong and Hou, Chunning},
doi = {10.3233/JIFS-169709},
issn = {18758967},
journal = {Journal of Intelligent and Fuzzy Systems},
number = {2},
pages = {1733--1742},
title = {{Recognition of motion state by smartphone sensors using Bi-LSTM neural network}},
volume = {35},
year = {2018}
}
@book{Graves2012,
address = {Berlin, Heidelberg},
archivePrefix = {arXiv},
arxivId = {arXiv:1308.0850v1},
author = {Graves, Alex},
doi = {10.1007/978-3-642-24797-2},
eprint = {arXiv:1308.0850v1},
isbn = {2000201075},
issn = {01406736},
pages = {5--13},
pmid = {7491034},
publisher = {Springer Berlin Heidelberg},
series = {Studies in Computational Intelligence},
title = {{Supervised Sequence Labelling with Recurrent Neural Networks}},
url = {http://link.springer.com/10.1007/978-3-642-24797-2},
volume = {385},
year = {2012}
}
@article{Goodfellow2015,
archivePrefix = {arXiv},
arxivId = {arXiv:1011.1669v3},
author = {Goodfellow, Ian and Bengio, Yoshua and Courville, Aaron},
doi = {10.1016/B978-0-12-391420-0.09987-X},
eprint = {arXiv:1011.1669v3},
isbn = {3540620583, 9783540620587},
issn = {1437-7780},
journal = {Deep Learning},
pmid = {21728107},
title = {{Deep Learning}},
year = {2015}
}
@misc{Olah2015,
archivePrefix = {arXiv},
arxivId = {arXiv:1011.1669v3},
author = {Olah, Christopher},
booktitle = {Web Page},
eprint = {arXiv:1011.1669v3},
isbn = {9780874216561},
issn = {0717-6163},
pages = {1--13},
pmid = {15003161},
title = {{Understanding LSTM Networks [Blog]}},
url = {http://colah.github.io/posts/2015-08-Understanding-LSTMs/},
urldate = {2020-06-24},
year = {2015}
}
@article{Coley2005,
author = {Coley, Brian and Najafi, Bijan and Paraschiv-Ionescu, Anisoara and Aminian, Kamiar},
doi = {10.1016/j.gaitpost.2004.08.008},
isbn = {0966-6362 (Print)$\backslash$n0966-6362 (Linking)},
issn = {09666362},
journal = {Gait {\&} Posture},
number = {4},
pages = {287--294},
pmid = {16274909},
title = {{Stair climbing detection during daily physical activity using a miniature gyroscope}},
url = {www.elsevier.com/locate/gaitpost http://linkinghub.elsevier.com/retrieve/pii/S0966636204002553},
volume = {22},
year = {2005}
}
@article{Sabatini2005,
author = {Sabatini, Angelo M. and Martelloni, Chiara and Scapellato, Sergio and Cavallo, Filippo},
doi = {10.1109/TBME.2004.840727},
isbn = {0018-9294},
issn = {00189294},
journal = {IEEE Transactions on Biomedical Engineering},
number = {3},
pages = {486--494},
pmid = {15759579},
title = {{Assessment of walking features from foot inertial sensing}},
volume = {52},
year = {2005}
}
@article{McDonald2018,
author = {McDonald, Cody L. and Kramer, Patricia A. and Morgan, Sara J. and Halsne, Elizabeth G. and Cheever, Sarah M. and Hafner, Brian J.},
doi = {10.1016/j.gaitpost.2018.03.040},
issn = {18792219},
journal = {Gait and Posture},
number = {March},
pages = {349--354},
publisher = {Elsevier},
title = {{Energy expenditure in people with transtibial amputation walking with crossover and energy storing prosthetic feet: A randomized within-subject study}},
volume = {62},
year = {2018}
}
@article{Herr2012,
author = {Herr, Hugh M. and Grabowski, Alena M.},
doi = {10.1098/rspb.2011.1194},
isbn = {0962-8452$\backslash$r1471-2954},
issn = {14712970},
journal = {Proceedings of the Royal Society B: Biological Sciences},
number = {1728},
pages = {457--464},
pmid = {21752817},
title = {{Bionic ankle-foot prosthesis normalizes walking gait for persons with leg amputation}},
volume = {279},
year = {2012}
}
@article{Maqbool2017,
author = {Maqbool, H. F. and Husman, M. A.B. and Awad, M. I. and Abouhossein, A. and Iqbal, Nadeem and Dehghani-Sanij, A. A.},
doi = {10.1109/TNSRE.2016.2636367},
isbn = {1534-4320 VO  - PP},
issn = {15344320},
journal = {IEEE Transactions on Neural Systems and Rehabilitation Engineering},
number = {9},
pages = {1500--1509},
pmid = {28114026},
title = {{A Real-Time Gait Event Detection for Lower Limb Prosthesis Control and Evaluation}},
volume = {25},
year = {2017}
}
@article{Silverman2008,
author = {Silverman, Anne K. and Fey, Nicholas P. and Portillo, Albert and Walden, Judith G. and Bosker, Gordon and Neptune, Richard R.},
doi = {10.1016/j.gaitpost.2008.04.005},
issn = {09666362},
journal = {Gait and Posture},
number = {4},
pages = {602--609},
pmid = {18514526},
title = {{Compensatory mechanisms in below-knee amputee gait in response to increasing steady-state walking speeds}},
volume = {28},
year = {2008}
}
@article{Labarriere2020,
author = {Labarri{\`{e}}re, Floriant and Thomas, Elizabeth and Calistri, Laurine and Optasanu, Virgil and Gueugnon, Mathieu and Ornetti, Paul and Laroche, Davy},
doi = {10.3390/s20216345},
issn = {1424-8220},
journal = {Sensors},
month = {nov},
number = {21},
pages = {6345},
title = {{Machine Learning Approaches for Activity Recognition and/or Activity Prediction in Locomotion Assistive Devices—A Systematic Review}},
url = {https://www.mdpi.com/1424-8220/20/21/6345},
volume = {20},
year = {2020}
}
@article{Tucker2015,
author = {Tucker, Michael R. and Olivier, Jeremy and Pagel, Anna and Bleuler, Hannes and Bouri, Mohamed and Lambercy, Olivier and {Del Mill{\'{a}}n}, Jos{\'{e}} R. and Riener, Robert and Vallery, Heike and Gassert, Roger},
doi = {10.1186/1743-0003-12-1},
isbn = {1743-0003 (Electronic)$\backslash$r1743-0003 (Linking)},
issn = {17430003},
journal = {Journal of NeuroEngineering and Rehabilitation},
number = {1},
pmid = {25557982},
title = {{Control strategies for active lower extremity prosthetics and orthotics: A review}},
volume = {12},
year = {2015}
}
@article{Piazza2017,
author = {Piazza, L. and Ferreira, E.G. and Minsky, R.C. and Pires, G.K.W. and Silva, R.},
doi = {10.1016/j.scispo.2017.07.011},
issn = {07651597},
journal = {Science {\&} Sports},
month = {sep},
number = {4},
pages = {191--202},
title = {{Assesment of physical activity in amputees: A systematic review of the literature}},
volume = {32},
year = {2017}
}
@article{Murad2017,
author = {Murad, Abdulmajid and Pyun, Jae Young},
doi = {10.3390/s17112556},
issn = {14248220},
journal = {Sensors (Switzerland)},
number = {11},
pmid = {29113103},
title = {{Deep recurrent neural networks for human activity recognition}},
volume = {17},
year = {2017}
}
@article{Sztyler2017,
author = {Sztyler, Timo and Stuckenschmidt, Heiner},
doi = {10.1109/PERCOM.2017.7917864},
isbn = {9781509043279},
journal = {2017 IEEE International Conference on Pervasive Computing and Communications, PerCom 2017},
pages = {180--189},
title = {{Online personalization of cross-subjects based activity recognition models on wearable devices}},
year = {2017}
}
@article{Fluit2020,
author = {Fluit, Rene and Prinsen, Erik C. and Wang, Shiqian and {Van Der Kooij}, Herman},
doi = {10.1109/TBME.2019.2912466},
issn = {15582531},
journal = {IEEE Transactions on Biomedical Engineering},
number = {1},
pages = {277--290},
pmid = {31021749},
title = {{A Comparison of Control Strategies in Commercial and Research Knee Prostheses}},
volume = {67},
year = {2020}
}
@inproceedings{roggan2010,
author = {Roggen, Daniel and Calatroni, Alberto and Rossi, Mirco and Holleczek, Thomas and Forster, Kilian and Troster, Gerhard and Lukowicz, Paul and Bannach, David and Pirkl, Gerald and Ferscha, Alois and Doppler, Jakob and Holzmann, Clemens and Kurz, Marc and Holl, Gerald and Chavarriaga, Ricardo and Sagha, Hesam and Bayati, Hamidreza and Creatura, Marco and Millan, Jose del R.},
booktitle = {2010 Seventh International Conference on Networked Sensing Systems (INSS)},
doi = {10.1109/INSS.2010.5573462},
isbn = {978-1-4244-7911-5},
month = {jun},
pages = {233--240},
publisher = {IEEE},
title = {{Collecting complex activity datasets in highly rich networked sensor environments}},
url = {http://ieeexplore.ieee.org/document/5573462/},
year = {2010}
}
@inproceedings{Anguita2013,
author = {Anguita, Davide and Ghio, Alessandro and Oneto, Luca and Parra, Xavier and Reyes-Ortiz, Jorge L.},
isbn = {9782874190810},
booktitle = {ESANN 2013 proceedings, 21st European Symposium on Artificial Neural Networks, Computational Intelligence and Machine Learning},
month = {April},
pages = {437--442},
title = {{A public domain dataset for human activity recognition using smartphones}},
year = {2013}
}
@article{Wang2018,
author = {Wang, Can and Wu, Xinyu and Ma, Yue and Wu, Guizhong and Luo, Yuhao},
doi = {10.1155/2018/5712108},
issn = {10990526},
journal = {Complexity},
title = {{A flexible lower extremity exoskeleton robot with deep locomotion mode identification}},
volume = {2018},
year = {2018}
}
@article{Yu2018,
author = {Yu, Tao and Chen, Jianxin and Yan, Na and Liu, Xipeng},
doi = {10.1109/WCSP.2018.8555945},
isbn = {9781538661192},
journal = {2018 10th International Conference on Wireless Communications and Signal Processing, WCSP 2018},
publisher = {IEEE},
title = {{A Multi-Layer Parallel LSTM Network for Human Activity Recognition with Smartphone Sensors}},
year = {2018}
}
@article{Sprager2015,
archivePrefix = {arXiv},
arxivId = {1708.09366},
author = {Sprager, Sebastijan and Juric, Matjaz B.},
doi = {10.3390/s150922089},
eprint = {1708.09366},
isbn = {3861241935},
issn = {14248220},
journal = {Sensors (Switzerland)},
pmid = {26340634},
title = {{Inertial sensor-based gait recognition: A review}},
year = {2015}
}

@article{Koller2018,
author = {Koller, Jeffrey R and Remy, C. David and Ferris, Daniel P},
doi = {10.1186/s12984-018-0379-6},
issn = {17430003},
journal = {Journal of NeuroEngineering and Rehabilitation},
number = {1},
pages = {42},
title = {{Biomechanics and energetics of walking in powered ankle exoskeletons using myoelectric control versus mechanically intrinsic control}},
url = {http://creativecommons.org/publicdomain/zero/1.0/},
volume = {15},
year = {2018}
}
@article{Glorot2010,
author = {Glorot, Xavier and Bengio, Yoshua},
file = {:C$\backslash$:/Users/Freddie/Downloads/glorot10a.pdf:pdf},
issn = {15324435},
journal = {Journal of Machine Learning Research},
pages = {249--256},
title = {{Understanding the difficulty of training deep feedforward neural networks}},
volume = {9},
year = {2010}
}
@article{Su2019,
author = {Su, Ben Yue and Wang, Jie and Liu, Shuang Qing and Sheng, Min and Jiang, Jing and Xiang, Kui},
doi = {10.1109/TNSRE.2019.2909585},
issn = {15580210},
journal = {IEEE Transactions on Neural Systems and Rehabilitation Engineering},
keywords = {Intent recognition,convolutional neural networks (CNN),inertial measurement unit (IMU),lower limb prosthesis,swing phase},
number = {5},
pages = {1032--1042},
pmid = {30969928},
publisher = {IEEE},
title = {{A cnn-based method for intent recognition using inertial measurement units and intelligent lower limb prosthesis}},
volume = {27},
year = {2019}
}
@article{Montgomery2018,
author = {Montgomery, Jana R. and Grabowski, Alena M.},
doi = {10.1098/rsif.2018.0442},
issn = {17425662},
journal = {Journal of the Royal Society Interface},
number = {145},
pmid = {30158189},
title = {{Use of a powered ankle–foot prosthesis reduces the metabolic cost of uphill walking and improves leg work symmetry in people with transtibial amputations}},
volume = {15},
year = {2018}
}

